@article{ying2012xmlvc,
  title={XMLVC: An Effective Model for XML Invalidation and Automatic Correction},
  author={Ying, Guan and Xiaocheng, Huang and Li, Wang and Xinkun, Li and Xiaojie, Yuan},
  booktitle={Software Engineering and Knowledge Engineering: Theory and Practice},
  pages={719--726},
  year={2012},
  publisher={Springer}
}
@article{goldman1997dataguides,
  title={Dataguides: Enabling query formulation and optimization in semistructured databases},
  author={Goldman, Roy and Widom, Jennifer},
  year={1997},
  publisher={Stanford}
}
@article{barnard1995tree,
  title={Tree-to-tree correction for document trees},
  author={Barnard, David T and Clarke, Gwen and Duncan, Nicolas},
  year={1995},
  publisher={Citeseer}
}
@article{starka2011xml,
  title={XML Document Correction and XQuery Analysis with Analyzer.},
  author={St{\'a}rka, Jakub and Svoboda, Martin and Schejbal, Jir{\'\i} and Mlynkova, Irena and Bedn{\'a}rek, David},
  booktitle={DATESO},
  pages={61--72},
  year={2011}
}
@article{melnik2002similarity,
  title={Similarity flooding: A versatile graph matching algorithm and its application to schema matching},
  author={Melnik, Sergey and Garcia-Molina, Hector and Rahm, Erhard},
  booktitle={Data Engineering, 2002. Proceedings. 18th International Conference on},
  pages={117--128},
  year={2002},
  organization={IEEE}
}
@electronic{xmlschema,
   title  = {XML Schema},
   author = {World Wide Web Consortium},
   url   = {http://www.w3.org/XML/Schema},
   year   = {2004}
 }
@electronic{eclipsemodelingf,
   title  = {Eclipse Modeling Framework},
   author = {The Eclipse Foundation},
   url   = {http://eclipse.org/modeling/emf/},
   year   = {2004}
 }
@electronic{xmlschemecore,
   title  = {XML Schema to Ecore Mapping},
   author = {The Eclipse Foundation},
   url   = {http://www.eclipse.org/modeling/emf/docs/overviews/XMLSchemaToEcoreMapping.pdf},
   year   = {2004}
 }
@book{budinsky2004eclipse,
  title={Eclipse modeling framework: a developer's guide},
  author={Budinsky, Frank},
  year={2004},
  publisher={Addison-Wesley Professional}
}
@electronic{ecorehierarchy,
   title  = {Ecore Components},
   author = {The Eclipse Foundation},
   url   = {http://download.eclipse.org/modeling/emf/emf/javadoc/2.8.0/org/eclipse/emf/ecore/package-summary.html},
   year   = {2004}
 }
@electronic{youtubetrie,
   title  = {Trie: Basic Dictionary example},
   author = {rabblerabbleRubble},
   url   = {https://www.youtube.com/watch?v=Up7yEHUqN30},
   year   = {2013}
 }
@inproceedings{cheriat2005incremental,
  title={Incremental string correction: Towards correction of XML documents.},
  author={Cheriat, Ahmed and Savary, Agata and Bouchou, B{\'e}atrice and Alves, Mirian Halfeld Ferrari},
  booktitle={Stringology},
  pages={201--215},
  year={2005}
}
@phdthesis{shivadas2001intelligent,
  title={Intelligent Correction and Validation Tool for XML},
  author={Shivadas, Abhishek},
  year={2001},
  school={Citeseer}
}
